@inproceedings{mansard2018using,
  title={Using a Memory of Motion to Efficiently Warm-Start a Nonlinear Predictive Controller},
  author={Mansard, Nicolas and DelPrete, Andrea and Geisert, Mathieu and Tonneau, Steve and Stasse, Olivier},
  booktitle={2018 IEEE International Conference on Robotics and Automation (ICRA)},
  pages={2986--2993},
  year={2018},
  organization={IEEE}
}

@inproceedings{rudenko2018joint,
  title={Joint long-term prediction of human motion using a planning-based social force approach},
  author={Rudenko, Andrey and Palmieri, Luigi and Arras, Kai O},
  booktitle={2018 IEEE International Conference on Robotics and Automation (ICRA)},
  pages={1--7},
  year={2018},
  organization={IEEE}
}

@inproceedings{fridovich2018planning,
  title={Planning, fast and slow: A framework for adaptive real-time safe trajectory planning},
  author={Fridovich-Keil, David and Herbert, Sylvia L and Fisac, Jaime F and Deglurkar, Sampada and Tomlin, Claire J},
  booktitle={2018 IEEE International Conference on Robotics and Automation (ICRA)},
  pages={387--394},
  year={2018},
  organization={IEEE}
}

@article{qin2018relocalization,
  title={Relocalization, Global Optimization and Map Merging for Monocular Visual-Inertial SLAM},
  author={Qin, Tong and Li, Perliang and Shen, Shaojie},
  journal={arXiv preprint arXiv:1803.01549},
  year={2018}
}

@inproceedings{mascaro2018gomsf,
  title={GOMSF: Graph-Optimization based Multi-Sensor Fusion for robust UAV pose estimation},
  author={Mascaro, Ruben and Teixeira, Lucas and Hinzmann, Timo and Siegwart, Roland and Chli, Margarita},
  booktitle={International Conference on Robotics and Automation (ICRA 2018)},
  year={2018},
  organization={IEEE}
}

@inproceedings{zhang2018grasp,
  title={Grasp a Moving Target from the Air: System \& Control of an Aerial Manipulator},
  author={Zhang, Guangyu and He, Yuqing and Dai, Bo and Gu, Feng and Yang, Liying and Han, Jianda and Liu, Guangjun and Qi, Juntong},
  booktitle={2018 IEEE International Conference on Robotics and Automation (ICRA)},
  pages={1681--1687},
  year={2018},
  organization={IEEE}
}

@inproceedings{mohajerin2018deep,
  title={Deep Learning a Quadrotor Dynamic Model for Multi-Step Prediction},
  author={Mohajerin, Nima and Mozifian, Melissa and Waslander, Steven},
  booktitle={IEEE International Conference on Robotics and Automation (ICRA), to appear},
  year={2018}
}

@inproceedings{dang2018visual,
  title={Visual Saliency-Aware Receding Horizon Autonomous Exploration with Application to Aerial Robotics},
  author={Dang, Tung and Papachristos, Christos and Alexis, Kostas},
  booktitle={2018 IEEE International Conference on Robotics and Automation (ICRA)},
  pages={2526--2533},
  year={2018},
  organization={IEEE}
}

@inproceedings{zhang2018perception,
  title={Perception-aware Receding Horizon Navigation for MAVs},
  author={Zhang, Zichao and Scaramuzza, Davide},
  booktitle={2018 IEEE International Conference on Robotics and Automation (ICRA)},
  pages={2534--2541},
  year={2018},
  organization={IEEE}
}

@inproceedings{maffra2018tolerant,
  title={tolerant Place Recognition combining 2D and 3D information for UAV navigation},
  author={Maffra, Fabiola and Chen, Zetao and Chli, Margarita},
  booktitle={International Conference on Robotics and Automation (ICRA 2018)},
  year={2018},
  organization={IEEE}
}

@inproceedings{balazs2018coordinated,
  title={Coordinated dense aerial traffic with self-driving drones},
  author={Bal{\'a}zs, Boldizs{\'a}r and V{\'a}s{\'a}rhelyi, G{\'a}bor},
  booktitle={2018 IEEE International Conference on Robotics and Automation (ICRA)},
  pages={6365--6372},
  year={2018},
  organization={IEEE}
}

@inproceedings{broecker2018distance,
  title={Distance-Based Multi-Robot Coordination on Pocket Drones},
  author={Broecker, Bastian and Tuyls, Karl and Butterworth, James},
  booktitle={2018 IEEE International Conference on Robotics and Automation (ICRA)},
  pages={6389--6394},
  year={2018},
  organization={IEEE}
}

@inproceedings{yel2018self,
  title={Self-triggered Adaptive Planning and Scheduling of UAV Operations},
  author={Yel, Esen and Lin, Tony X and Bezzo, Nicola},
  booktitle={2018 IEEE International Conference on Robotics and Automation (ICRA)},
  pages={7518--7524},
  year={2018},
  organization={IEEE}
}

@inproceedings{gabrich2018flying,
  title={A Flying Gripper Based on Cuboid Modular Robots},
  author={Gabrich, Bruno and Saldana, David and Kumar, Vijay and Yim, Mark},
  booktitle={2018 IEEE International Conference on Robotics and Automation (ICRA)},
  pages={7024--7030},
  year={2018},
  organization={IEEE}
}

@article{kamel2018voliro,
  title={Voliro: An Omnidirectional Hexacopter With Tiltable Rotors},
  author={Kamel, Mina and Verling, Sebastian and Elkhatib, Omar and Sprecher, Christian and Wulkop, Paula and Taylor, Zachary and Siegwart, Roland and Gilitschenski, Igor},
  journal={arXiv preprint arXiv:1801.04581},
  year={2018}
}
@article{qi2018intent,
  title={Intent-aware multi-agent reinforcement learning},
  author={Qi, Siyuan and Zhu, Song-Chun},
  journal={arXiv preprint arXiv:1803.02018},
  year={2018}
}
@inproceedings{ding2018trajectory,
  title={Trajectory Replanning for Quadrotors Using Kinodynamic Search and Elastic Optimization},
  author={Ding, Wenchao and Gao, Wenliang and Wang, Kaixuan and Shen, Shaojie},
  booktitle={2018 IEEE International Conference on Robotics and Automation (ICRA)},
  pages={7595--7602},
  year={2018},
  organization={IEEE}
}
@article{mohta2018experiments,
  title={Experiments in Fast, Autonomous, GPS-Denied Quadrotor Flight},
  author={Mohta, Kartik and Sun, Ke and Liu, Sikang and Watterson, Michael and Pfrommer, Bernd and Svacha, James and Mulgaonkar, Yash and Taylor, Camillo Jose and Kumar, Vijay},
  journal={arXiv preprint arXiv:1806.07053},
  year={2018}
}
@inproceedings{verginis2017decentralized,
  title={Decentralized motion planning with collision avoidance for a team of uavs under high level goals},
  author={Verginis, Christos K and Xu, Ziwei and Dimarogonas, Dimos V},
  booktitle={Robotics and Automation (ICRA), 2017 IEEE International Conference on},
  pages={781--787},
  year={2017},
  organization={IEEE}
}
@inproceedings{papachristos2017uncertainty,
  title={Uncertainty-aware receding horizon exploration and mapping using aerial robots},
  author={Papachristos, Christos and Khattak, Shehryar and Alexis, Kostas},
  booktitle={Robotics and Automation (ICRA), 2017 IEEE International Conference on},
  pages={4568--4575},
  year={2017},
  organization={IEEE}
}
@inproceedings{falanga2017aggressive,
  title={Aggressive quadrotor flight through narrow gaps with onboard sensing and computing using active vision},
  author={Falanga, Davide and Mueggler, Elias and Faessler, Matthias and Scaramuzza, Davide},
  booktitle={Robotics and Automation (ICRA), 2017 IEEE International Conference on},
  pages={5774--5781},
  year={2017},
  organization={IEEE}
}
@inproceedings{garimella2017robust,
  title={Robust obstacle avoidance for aerial platforms using adaptive model predictive control},
  author={Garimella, Gowtham and Sheckells, Matthew and Kobilarov, Marin},
  booktitle={Robotics and Automation (ICRA), 2017 IEEE International Conference on},
  pages={5876--5882},
  year={2017},
  organization={IEEE}
}
@inproceedings{song2017online,
  title={Online inspection path planning for autonomous 3D modeling using a micro-aerial vehicle},
  author={Song, Soohwan and Jo, Sungho},
  booktitle={Robotics and Automation (ICRA), 2017 IEEE International Conference on},
  pages={6217--6224},
  year={2017},
  organization={IEEE}
}
@inproceedings{zhen2017robust,
  title={Robust localization and localizability estimation with a rotating laser scanner},
  author={Zhen, Weikun and Zeng, Sam and Soberer, Sebastian},
  booktitle={Robotics and Automation (ICRA), 2017 IEEE International Conference on},
  pages={6240--6245},
  year={2017},
  organization={IEEE}
}
@inproceedings{seo2017aerial,
  title={Aerial grasping of cylindrical object using visual servoing based on stochastic model predictive control},
  author={Seo, Hoseong and Kim, Suseong and Kim, H Jin},
  booktitle={Robotics and Automation (ICRA), 2017 IEEE International Conference on},
  pages={6362--6368},
  year={2017},
  organization={IEEE}
}
@article{usenko2017real,
  title={Real-time trajectory replanning for MAVs using uniform B-splines and a 3D circular buffer},
  author={Usenko, Vladyslav and von Stumberg, Lukas and Pangercic, Andrej and Cremers, Daniel},
  journal={arXiv preprint arXiv:1703.01416},
  year={2017}
}
@inproceedings{kamel2017robust,
  title={Robust collision avoidance for multiple micro aerial vehicles using nonlinear model predictive control},
  author={Kamel, Mina and Alonso-Mora, Javier and Siegwart, Roland and Nieto, Juan},
  booktitle={Intelligent Robots and Systems (IROS), 2017 IEEE/RSJ International Conference on},
  pages={236--243},
  year={2017},
  organization={IEEE}
}
@inproceedings{preiss2017downwash,
  title={Downwash-aware trajectory planning for large quadrotor teams},
  author={Preiss, James A and H{\"o}nig, Wolfgang and Ayanian, Nora and Sukhatme, Gaurav S},
  booktitle={Intelligent Robots and Systems (IROS), 2017 IEEE/RSJ International Conference on},
  pages={250--257},
  year={2017},
  organization={IEEE}
}
@inproceedings{bouzid2017quadrotor,
  title={Quadrotor-UAV optimal coverage path planning in cluttered environment with a limited onboard energy},
  author={Bouzid, Yasser and Bestaoui, Yasmina and Siguerdidjane, Houria},
  booktitle={Intelligent Robots and Systems (IROS), 2017 IEEE/RSJ International Conference on},
  pages={979--984},
  year={2017},
  organization={IEEE}
}
@inproceedings{dubey2017droan,
  title={DROAN—Disparity-space representation for obstacle AvoidaNce},
  author={Dubey, Geetesh and Arora, Sankalp and Scherer, Sebastian},
  booktitle={Intelligent Robots and Systems (IROS), 2017 IEEE/RSJ International Conference on},
  pages={1324--1330},
  year={2017},
  organization={IEEE}
}
@article{witting2018history,
  title={History-aware Autonomous Exploration in Confined Environments using MAVs},
  author={Witting, Christian and Fehr, Marius and B{\"a}hnemann, Rik and Oleynikova, Helen and Siegwart, Roland},
  journal={arXiv preprint arXiv:1803.10558},
  year={2018}
}
@inproceedings{gao2017gradient,
  title={Gradient-based online safe trajectory generation for quadrotor flight in complex environments},
  author={Gao, Fei and Lin, Yi and Shen, Shaojie},
  booktitle={Intelligent Robots and Systems (IROS), 2017 IEEE/RSJ International Conference on},
  pages={3681--3688},
  year={2017},
  organization={IEEE}
}
@inproceedings{garrell2017aerial,
  title={Aerial social force model: A new framework to accompany people using autonomous flying robots},
  author={Garrell Zulueta, Anais and Garza Elizondo, Lu{\'\i}s Alberto and Villamizar Vergel, Michael Alejandro and Herrero Cotarelo, Fernando and Sanfeliu Cort{\'e}s, Alberto},
  booktitle={2017 IEEE/RSJ International Conference on Intelligent Robots and Systems (IROS): 24-28 Sept. 2017},
  pages={7011--7017},
  year={2017},
  organization={Institute of Electrical and Electronics Engineers (IEEE)}
}
@article{cabreira2018energy,
  title={Energy-Aware Spiral Coverage Path Planning for UAV Photogrammetric Applications},
  author={Cabreira, Taua M and Di Franco, Carmelo and Ferreira, Paulo R and Buttazzo, Giorgio C},
  journal={IEEE Robotics and Automation Letters},
  volume={3},
  number={4},
  pages={3662--3668},
  year={2018},
  publisher={IEEE}
}
@article{sayre2018perception,
  title={Perception-driven sparse graphs for optimal motion planning},
  author={Sayre-McCord, Thomas and Karaman, Sertac},
  journal={arXiv preprint arXiv:1808.00593},
  year={2018}
}
@article{edelkamp2018integrating,
  title={Integrating Temporal Reasoning and Sampling-Based Motion Planning for Multigoal Problems With Dynamics and Time Windows},
  author={Edelkamp, Stefan and Lahijanian, Morteza and Magazzeni, Daniele and Plaku, Erion},
  journal={IEEE Robotics and Automation Letters},
  volume={3},
  number={4},
  pages={3473--3480},
  year={2018},
  publisher={IEEE}
}
@incollection{grune2017nonlinear,
  title={Nonlinear model predictive control},
  author={Gr{\"u}ne, Lars and Pannek, J{\"u}rgen},
  booktitle={Nonlinear Model Predictive Control},
  pages={45--69},
  year={2017},
  publisher={Springer}
}
@article{mesbah2016stochastic,
  title={Stochastic model predictive control: An overview and perspectives for future research},
  author={Mesbah, Ali},
  journal={IEEE Control Systems Magazine},
  volume={36},
  number={6},
  pages={30--44},
  year={2016},
  publisher={IEEE}
}
@inproceedings{yu2010robust,
  title={Robust model predictive control with disturbance invariant sets},
  author={Yu, Shuyou and B{\"o}hm, Christoph and Chen, Hong and Allg{\"o}wer, Frank},
  booktitle={Proceedings of the 2010 American Control Conference},
  pages={6262--6267},
  year={2010},
  organization={IEEE}
}
@article{sopasakis2019risk,
  title={Risk-averse model predictive control},
  author={Sopasakis, Pantelis and Herceg, Domagoj and Bemporad, Alberto and Patrinos, Panagiotis},
  journal={Automatica},
  volume={100},
  pages={281--288},
  year={2019},
  publisher={Elsevier}
}
@article{mayne2016robust,
  title={Robust and stochastic model predictive control: Are we going in the right direction?},
  author={Mayne, David},
  journal={Annual Reviews in Control},
  volume={41},
  pages={184--192},
  year={2016},
  publisher={Elsevier}
}
@article{langson2004robust,
  title={Robust model predictive control using tubes},
  author={Langson, Wilbur and Chryssochoos, Ioannis and Rakovi{\'c}, SV and Mayne, David Q},
  journal={Automatica},
  volume={40},
  number={1},
  pages={125--133},
  year={2004},
  publisher={Elsevier}
}
@article{mayne2011tube,
  title={Tube-based robust nonlinear model predictive control},
  author={Mayne, David Q and Kerrigan, Eric C and Van Wyk, EJ and Falugi, P},
  journal={International Journal of Robust and Nonlinear Control},
  volume={21},
  number={11},
  pages={1341--1353},
  year={2011},
  publisher={Wiley Online Library}
}
@inproceedings{buehler2016lyapunov,
  title={Lyapunov-based stochastic nonlinear model predictive control: Shaping the state probability distribution functions},
  author={Buehler, Edward A and Paulson, Joel A and Mesbah, Ali},
  booktitle={2016 American Control Conference (ACC)},
  pages={5389--5394},
  year={2016},
  organization={IEEE}
}
@article{lorenzen2016constraint,
  title={Constraint-tightening and stability in stochastic model predictive control},
  author={Lorenzen, Matthias and Dabbene, Fabrizio and Tempo, Roberto and Allg{\"o}wer, Frank},
  journal={IEEE Transactions on Automatic Control},
  volume={62},
  number={7},
  pages={3165--3177},
  year={2016},
  publisher={IEEE}
}
@article{yang2015risk,
  title={Risk-sensitive model predictive control with Gaussian process models},
  author={Yang, Xiaoke and Maciejowski, Jan},
  journal={IFAC-PapersOnLine},
  volume={48},
  number={28},
  pages={374--379},
  year={2015},
  publisher={Elsevier}
}
@inproceedings{van2003full,
  title={A full solution to the constrained stochastic closed-loop MPC problem via state and innovations feedback and its receding horizon implementation},
  author={Van Hessem, DH and Bosgra, OH},
  booktitle={42nd IEEE International Conference on Decision and Control (IEEE Cat. No. 03CH37475)},
  volume={1},
  pages={929--934},
  year={2003},
  organization={IEEE}
}
@inproceedings{blackmore2009convex,
  title={Convex chance constrained predictive control without sampling},
  author={Blackmore, Lars and Ono, Masahiro},
  booktitle={AIAA Guidance, Navigation, and Control Conference},
  pages={5876},
  year={2009}
}
@article{ohsumi2011particle,
  title={Particle model predictive control for probability density functions},
  author={Ohsumi, Kohei and Ohtsuka, Toshiyuki},
  journal={IFAC Proceedings Volumes},
  volume={44},
  number={1},
  pages={7993--7998},
  year={2011},
  publisher={Elsevier}
}
@phdthesis{vitus2012stochastic,
  title={Stochastic control via chance constrained optimization and its application to unmanned aerial vehicles},
  author={Vitus, Michael Peter},
  year={2012},
  school={Stanford University}
}
@inproceedings{gonzalez2014risk,
  title={Risk-sensitive optimal switching and applications to district energy systems},
  author={Gonzalez, Jhonny and Moriarty, John},
  booktitle={2014 International Conference on Probabilistic Methods Applied to Power Systems (PMAPS)},
  pages={1--6},
  year={2014},
  organization={IEEE}
}
@article{jacobson1973optimal,
  title={Optimal stochastic linear systems with exponential performance criteria and their relation to deterministic differential games},
  author={Jacobson, David},
  journal={IEEE Transactions on Automatic control},
  volume={18},
  number={2},
  pages={124--131},
  year={1973},
  publisher={IEEE}
}
@article{whittle1986hamiltonian,
  title={A Hamiltonian formulation of risk-sensitive linear/quadratic/Gaussian control},
  author={Whittle, P and Kuhn, J},
  journal={International Journal of Control},
  volume={43},
  number={1},
  pages={1--12},
  year={1986},
  publisher={Taylor \& Francis}
}
@phdthesis{gonzalez2015modelling,
  title={Modelling and controlling risk in energy systems},
  author={Gonzalez, Jhonny},
  year={2015},
  school={The University of Manchester}
}
@article{ahmadi2012entropic,
  title={Entropic value-at-risk: A new coherent risk measure},
  author={Ahmadi-Javid, Amir},
  journal={Journal of Optimization Theory and Applications},
  volume={155},
  number={3},
  pages={1105--1123},
  year={2012},
  publisher={Springer}
}
@book{birge2011introduction,
  title={Introduction to stochastic programming},
  author={Birge, John R and Louveaux, Francois},
  year={2011},
  publisher={Springer Science \& Business Media}
}
@article{calafiore2006distributionally,
  title={On distributionally robust chance-constrained linear programs},
  author={Calafiore, Giuseppe Carlo and El Ghaoui, Laurent},
  journal={Journal of Optimization Theory and Applications},
  volume={130},
  number={1},
  pages={1--22},
  year={2006},
  publisher={Springer}
}
@inproceedings{mesbah2014stochastic,
  title={Stochastic nonlinear model predictive control with probabilistic constraints},
  author={Mesbah, Ali and Streif, Stefan and Findeisen, Rolf and Braatz, Richard D},
  booktitle={2014 American Control Conference},
  pages={2413--2419},
  year={2014},
  organization={IEEE}
}
@book{ang2007probability,
  title={Probability concepts in engineering: emphasis on applications in civil \& environmental engineering},
  author={Ang, Alfredo Hua-Sing and Tang, Wilson H and others},
  volume={1},
  year={2007},
  publisher={Wiley New York}
}
@inproceedings{oldewurtel2013adaptively,
  title={Adaptively constrained stochastic model predictive control for closed-loop constraint satisfaction},
  author={Oldewurtel, Frauke and Sturzenegger, David and Esfahani, Peyman Mohajerin and Andersson, G{\"o}ran and Morari, Manfred and Lygeros, John},
  booktitle={2013 American Control Conference},
  pages={4674--4681},
  year={2013},
  organization={IEEE}
}
@inproceedings{ono2012closed,
  title={Closed-loop chance-constrained MPC with probabilistic resolvability},
  author={Ono, Masahiro},
  booktitle={2012 IEEE 51st IEEE conference on decision and control (CDC)},
  pages={2611--2618},
  year={2012},
  organization={IEEE}
}
@article{zhang2014randomized,
  title={Randomized nonlinear MPC for uncertain control-affine systems with bounded closed-loop constraint violations},
  author={Zhang, Xiaojing and Grammatico, Sergio and Margellos, Kostas and Goulart, Paul and Lygeros, John},
  journal={IFAC Proceedings Volumes},
  volume={47},
  number={3},
  pages={1649--1654},
  year={2014},
  publisher={Elsevier}
}
@book{einarsson2005accuracy,
  title={Accuracy and reliability in scientific computing},
  author={Einarsson, Bo},
  year={2005},
  publisher={SIAM}
}
@article{munoz2018stochastic,
  title={Stochastic Model Predictive Control with adaptive constraint tightening for non-conservative chance constraints satisfaction},
  author={Mu{\~n}oz-Carpintero, Diego and Hu, Guoqiang and Spanos, Costas J},
  journal={Automatica},
  volume={96},
  pages={32--39},
  year={2018},
  publisher={Elsevier}
}
@article{guo2018adaptively,
  title={Adaptively constrained stochastic model predictive control for the optimal dispatch of microgrid},
  author={Guo, Xiaogang and Bao, Zhejing and Li, Zhijie and Yan, Wenjun},
  journal={Energies},
  volume={11},
  number={1},
  pages={243},
  year={2018},
  publisher={Multidisciplinary Digital Publishing Institute}
}
@inproceedings{farina2016helbing,
  title={When Helbing meets Laumond: the headed social force model},
  author={Farina, Francesco and Fontanelli, Daniele and Garulli, Andrea and Giannitrapani, Antonio and Prattichizzo, Domenico},
  booktitle={2016 IEEE 55th Conference on Decision and Control (CDC)},
  pages={3548--3553},
  year={2016},
  organization={IEEE}
}
@article{zhu2019chance,
  title={Chance-Constrained Collision Avoidance for MAVs in Dynamic Environments},
  author={Zhu, Hai and Alonso-Mora, Javier},
  journal={IEEE Robotics and Automation Letters},
  volume={4},
  number={2},
  pages={776--783},
  year={2019},
  publisher={IEEE}
}
@article{majumdar2017should,
  title={How should a robot assess risk? towards an axiomatic theory of risk in robotics},
  author={Majumdar, Anirudha and Pavone, Marco},
  journal={arXiv preprint arXiv:1710.11040},
  year={2017}
}
@article{blackmore2011chance,
  title={Chance-constrained optimal path planning with obstacles},
  author={Blackmore, Lars and Ono, Masahiro and Williams, Brian C},
  journal={IEEE Transactions on Robotics},
  volume={27},
  number={6},
  pages={1080--1094},
  year={2011},
  publisher={IEEE}
}
@article{du2011probabilistic,
  title={Probabilistic collision checking with chance constraints},
  author={Du Toit, Noel E and Burdick, Joel W},
  journal={IEEE Transactions on Robotics},
  volume={27},
  number={4},
  pages={809--815},
  year={2011},
  publisher={IEEE}
}
@article{ono2015chance,
  title={Chance-constrained dynamic programming with application to risk-aware robotic space exploration},
  author={Ono, Masahiro and Pavone, Marco and Kuwata, Yoshiaki and Balaram, J},
  journal={Autonomous Robots},
  volume={39},
  number={4},
  pages={555--571},
  year={2015},
  publisher={Springer}
}
@techreport{arras1998introduction,
  title={An introduction to error propagation: derivation, meaning and examples of equation CY= FX CX FXT},
  author={Arras, Kai O},
  year={1998},
  institution={ETH Zurich}
}
@techreport{breipohl1970probabilistic,
  title={Probabilistic systems analysis: an introduction to probalbilistic models, decisions, and applications of random processes},
  author={Breipohl, Arthur M},
  year={1970}
}
@book{apostol2007calculus,
  title={Calculus, Volume I, One-variable Calculus, with an Introduction to Linear Algebra},
  author={Apostol, Tom M},
  volume={1},
  year={2007},
  publisher={John Wiley \& Sons}
}
@article{folland2005higher,
  title={Higher-order derivatives and Taylor’s formula in several variables},
  author={Folland, GB},
  journal={Preprint},
  pages={1--4},
  year={2005}
}
@article{artzner1999coherent,
  title={Coherent measures of risk},
  author={Artzner, Philippe and Delbaen, Freddy and Eber, Jean-Marc and Heath, David},
  journal={Mathematical finance},
  volume={9},
  number={3},
  pages={203--228},
  year={1999},
  publisher={Wiley Online Library}
}
@article{rockafellar2000optimization,
  title={Optimization of conditional value-at-risk},
  author={Rockafellar, R Tyrrell and Uryasev, Stanislav and others},
  journal={Journal of risk},
  volume={2},
  pages={21--42},
  year={2000}
}
@misc{basel2013fundamental,
  title={Fundamental review of the trading book: A revised market risk framework},
  author={Basel Committee on Banking Supervision},
  journal={Consultative Document, Bank for International Settlements},
  year={2013}
}
@article{acerbi2002spectral,
  title={Spectral measures of risk: A coherent representation of subjective risk aversion},
  author={Acerbi, Carlo},
  journal={Journal of Banking \& Finance},
  volume={26},
  number={7},
  pages={1505--1518},
  year={2002},
  publisher={Elsevier}
}
@inproceedings{oldewurtel2008tractable,
  title={A tractable approximation of chance constrained stochastic MPC based on affine disturbance feedback},
  author={Oldewurtel, Frauke and Jones, Colin N and Morari, Manfred},
  booktitle={2008 47th IEEE Conference on Decision and Control},
  pages={4731--4736},
  year={2008},
  organization={IEEE}
}
@article{rockafellar2002conditional,
  title={Conditional value-at-risk for general loss distributions},
  author={Rockafellar, R Tyrrell and Uryasev, Stanislav},
  journal={Journal of banking \& finance},
  volume={26},
  number={7},
  pages={1443--1471},
  year={2002},
  publisher={Elsevier}
}
